@online{gunton10,
  author = {Nigel Gunton},
  title = {Shift-Add Multiplication},
  url = {http://www.cems.uwe.ac.uk/~a2-lenz/n-gunton/vhdl/sh_add1.pdf},
  urldate = {2016-11-27},
  year = 2010
}

@online{briefingslides,
  title = {Introduction to design experiment D1},
  url = {https://secure.ecs.soton.ac.uk/notes/ellabs/2/d1/d1brief.pdf},
  urldate = {2016-11-26}
}

@online{samplecode,
  author = {Tom J Kazmierski},
  title = {D1 sample code},
  url = {https://secure.ecs.soton.ac.uk/notes/ellabs/2/d1/},
  urldate = {2016-11-27},
  year = 2013
}

@online{debouncer,
  title = {Debouncer - The solution},
  url = {http://fpga4fun.com/Debouncer2.html},
  urldate = {2016-11-27},
  year = 2016
}
